<record><leader>00000cas a2200000 a 4500</leader><controlfield tag="001">42339146</controlfield><controlfield tag="007">hd afb---buuu</controlfield><controlfield tag="008">820208d18941894wauwr nea     0    0eng c</controlfield><datafield ind1=" " ind2=" " tag="010"><subfield code="a">  2012252555</subfield></datafield><datafield ind1=" " ind2=" " tag="040"><subfield code="a">Wa</subfield><subfield code="b">eng</subfield><subfield code="c">WRJ</subfield><subfield code="d">OCL</subfield><subfield code="d">OCLCQ</subfield><subfield code="d">WAU</subfield><subfield code="d">OCLCF</subfield><subfield code="d">OCLCA</subfield><subfield code="d">OCLCQ</subfield></datafield><datafield ind1=" " ind2=" " tag="042"><subfield code="a">pcc</subfield></datafield><datafield ind1=" " ind2=" " tag="043"><subfield code="a">n-us-wa</subfield></datafield><datafield ind1=" " ind2="4" tag="050"><subfield code="a">F899.E4</subfield><subfield code="b">D39</subfield></datafield><datafield ind1="0" ind2=" " tag="082"><subfield code="a">071.9757</subfield><subfield code="2">19</subfield></datafield><datafield ind1="0" ind2=" " tag="130"><subfield code="a">Dawn (Ellensburg, Wash. : 1894)</subfield></datafield><datafield ind1="1" ind2="4" tag="245"><subfield code="a">The dawn.</subfield></datafield><datafield ind1="1" ind2=" " tag="246"><subfield code="i">Title on publisher's statement:</subfield><subfield code="a">Reformer's dawn</subfield></datafield><datafield ind1=" " ind2=" " tag="250"><subfield code="a">Weekly ed.</subfield></datafield><datafield ind1=" " ind2=" " tag="260"><subfield code="a">Ellensburg, Wash. :</subfield><subfield code="b">Dawn Pub. Co.,</subfield><subfield code="c">1894.</subfield></datafield><datafield ind1=" " ind2=" " tag="300"><subfield code="a">1 volume :</subfield><subfield code="b">illustrations</subfield></datafield><datafield ind1=" " ind2=" " tag="310"><subfield code="a">Weekly</subfield></datafield><datafield ind1=" " ind2=" " tag="336"><subfield code="a">text</subfield><subfield code="b">txt</subfield><subfield code="2">rdacontent</subfield></datafield><datafield ind1=" " ind2=" " tag="337"><subfield code="a">microform</subfield><subfield code="b">h</subfield><subfield code="2">rdamedia</subfield></datafield><datafield ind1=" " ind2=" " tag="338"><subfield code="a">microfilm reel</subfield><subfield code="b">hd</subfield><subfield code="2">rdacarrier</subfield></datafield><datafield ind1="0" ind2=" " tag="362"><subfield code="a">Vol. 1, no. 1 (Aug. 4, 1894).</subfield></datafield><datafield ind1=" " ind2=" " tag="500"><subfield code="a">R.A. Turner, editor.</subfield></datafield><datafield ind1=" " ind2=" " tag="500"><subfield code="a">"Our motto: Keep in the middle of the road."</subfield></datafield><datafield ind1=" " ind2=" " tag="580"><subfield code="a">Also published in a monthly ed., per publisher's statement.</subfield></datafield><datafield ind1=" " ind2=" " tag="533"><subfield code="a">Microfilm.</subfield><subfield code="b">[Seattle, Wash.] :</subfield><subfield code="c">University of Washington Library.</subfield><subfield code="e">1 microfilm reel ; 35 mm.</subfield></datafield><datafield ind1=" " ind2="0" tag="651"><subfield code="a">Ellensburg (Wash.)</subfield><subfield code="v">Newspapers.</subfield></datafield><datafield ind1=" " ind2="0" tag="650"><subfield code="a">Populism</subfield><subfield code="z">Washington (State)</subfield><subfield code="v">Newspapers.</subfield></datafield><datafield ind1=" " ind2="7" tag="650"><subfield code="a">Populism.</subfield><subfield code="2">fast</subfield><subfield code="0">(OCoLC)fst01071658</subfield></datafield><datafield ind1=" " ind2="7" tag="651"><subfield code="a">Washington (State)</subfield><subfield code="2">fast</subfield><subfield code="0">(OCoLC)fst01204703</subfield></datafield><datafield ind1=" " ind2="7" tag="651"><subfield code="a">Washington (State)</subfield><subfield code="z">Ellensburg.</subfield><subfield code="2">fast</subfield><subfield code="0">(OCoLC)fst01205216</subfield></datafield><datafield ind1=" " ind2="7" tag="655"><subfield code="a">Newspapers.</subfield><subfield code="2">fast</subfield><subfield code="0">(OCoLC)fst01423814</subfield></datafield><datafield ind1="1" ind2=" " tag="700"><subfield code="a">Turner, Robert A.,</subfield><subfield code="d">1859-1941.</subfield></datafield><datafield ind1=" " ind2=" " tag="752"><subfield code="a">United States</subfield><subfield code="b">Washington</subfield><subfield code="c">Kittitas</subfield><subfield code="d">Ellensburg.</subfield></datafield><datafield ind1="1" ind2=" " tag="776"><subfield code="c">Original</subfield><subfield code="w">(DLC)sn 88085011</subfield><subfield code="w">(OCoLC)17308839</subfield></datafield><datafield ind1="0" ind2="0" tag="780"><subfield code="t">Reformer's dawn</subfield></datafield><datafield ind1="0" ind2="0" tag="785"><subfield code="t">Weekly dawn</subfield><subfield code="w">(DLC)  2012252556</subfield><subfield code="w">(OCoLC)42339196</subfield></datafield></record>